<record><leader>00000cas a22000007a 4500</leader><controlfield tag="001">35046086</controlfield><controlfield tag="008">960709c19729999okuwr n       0    0eng d</controlfield><datafield ind1=" " ind2=" " tag="010"><subfield code="a">sn 96087927 </subfield></datafield><datafield ind1=" " ind2=" " tag="040"><subfield code="a">OBN</subfield><subfield code="b">eng</subfield><subfield code="c">OBN</subfield><subfield code="d">OCLCQ</subfield><subfield code="d">OCLCF</subfield><subfield code="d">OCLCO</subfield></datafield><datafield ind1="1" ind2=" " tag="029"><subfield code="a">AU@</subfield><subfield code="b">000012679712</subfield></datafield><datafield ind1=" " ind2=" " tag="042"><subfield code="a">msc</subfield></datafield><datafield ind1=" " ind2=" " tag="043"><subfield code="a">n-us-ok</subfield></datafield><datafield ind1="0" ind2="0" tag="245"><subfield code="a">Dewey County record.</subfield></datafield><datafield ind1=" " ind2=" " tag="260"><subfield code="a">Seiling, Okla. :</subfield><subfield code="b">Joe Redden, Jerry Redden [and] Oran Redden</subfield></datafield><datafield ind1=" " ind2=" " tag="300"><subfield code="a">v.</subfield></datafield><datafield ind1=" " ind2=" " tag="310"><subfield code="a">Weekly</subfield></datafield><datafield ind1="0" ind2=" " tag="362"><subfield code="a">Vol. 53, no. 21 (Aug. 3, 1972)-</subfield></datafield><datafield ind1=" " ind2="0" tag="651"><subfield code="a">Seiling (Okla.)</subfield><subfield code="v">Newspapers.</subfield></datafield><datafield ind1=" " ind2="0" tag="651"><subfield code="a">Dewey County (Okla.)</subfield><subfield code="v">Newspapers.</subfield></datafield><datafield ind1=" " ind2="7" tag="655"><subfield code="a">Newspapers.</subfield><subfield code="2">fast</subfield><subfield code="0">(OCoLC)fst01423814</subfield></datafield><datafield ind1=" " ind2="7" tag="651"><subfield code="a">Oklahoma</subfield><subfield code="z">Dewey County.</subfield><subfield code="2">fast</subfield><subfield code="0">(OCoLC)fst01223295</subfield></datafield><datafield ind1=" " ind2="7" tag="651"><subfield code="a">Oklahoma</subfield><subfield code="z">Seiling.</subfield><subfield code="2">fast</subfield><subfield code="0">(OCoLC)fst01288991</subfield></datafield><datafield ind1=" " ind2=" " tag="752"><subfield code="a">United States</subfield><subfield code="b">Oklahoma</subfield><subfield code="c">Dewey</subfield><subfield code="d">Seiling.</subfield></datafield><datafield ind1="0" ind2="4" tag="780"><subfield code="t">Seiling news-record</subfield><subfield code="w">(DLC)sn 96087926</subfield><subfield code="w">(OCoLC)35046016</subfield></datafield><datafield ind1="0" ind2="4" tag="780"><subfield code="t">Dewey County news (Seiling, Okla.)</subfield><subfield code="w">(DLC)sn 96087928</subfield><subfield code="w">(OCoLC)35058813</subfield></datafield></record>